<record><leader>00000cas a22000007a 4500</leader><controlfield tag="001">19952587</controlfield><controlfield tag="008">890630d19041916coudn ne      0    0eng d</controlfield><datafield ind1=" " ind2=" " tag="010"><subfield code="a">sn 89052190 </subfield></datafield><datafield ind1=" " ind2=" " tag="040"><subfield code="a">CNQ</subfield><subfield code="b">eng</subfield><subfield code="c">CNQ</subfield><subfield code="d">OCLCQ</subfield></datafield><datafield ind1=" " ind2=" " tag="042"><subfield code="a">msc</subfield></datafield><datafield ind1="0" ind2=" " tag="130"><subfield code="a">Daily herald (Boulder, Colo.)</subfield></datafield><datafield ind1="1" ind2="4" tag="245"><subfield code="a">The daily herald.</subfield></datafield><datafield ind1="1" ind2="3" tag="246"><subfield code="a">Boulder County herald</subfield></datafield><datafield ind1=" " ind2=" " tag="260"><subfield code="a">Boulder, Colo. :</subfield><subfield code="b">O.H. Wangelin</subfield></datafield><datafield ind1=" " ind2=" " tag="300"><subfield code="a">v.</subfield></datafield><datafield ind1=" " ind2=" " tag="310"><subfield code="a">Daily (except Sun.)</subfield></datafield><datafield ind1="0" ind2=" " tag="362"><subfield code="a">Vol. 25, no. 38 (Apr. 2, 1904)-v. 25, no. 40 (Apr. 5, 1904); 25th year, no. 41 (Apr. 6, 1904)-</subfield></datafield><datafield ind1="1" ind2=" " tag="362"><subfield code="a">Ceased in 1916?</subfield></datafield><datafield ind1=" " ind2=" " tag="530"><subfield code="a">Available on microfilm from the Colorado Historical Society.</subfield></datafield><datafield ind1=" " ind2=" " tag="752"><subfield code="a">United States</subfield><subfield code="b">Colorado</subfield><subfield code="c">Boulder</subfield><subfield code="d">Boulder.</subfield></datafield><datafield ind1="0" ind2=" " tag="775"><subfield code="t">Boulder County herald (Boulder, Colo. : Weekly)</subfield><subfield code="w">(DLC)sn 89052301</subfield></datafield><datafield ind1="0" ind2="0" tag="780"><subfield code="t">Boulder County herald (Boulder, Colo. : Daily)</subfield><subfield code="w">(DLC)sn 89052189</subfield></datafield><datafield ind1="0" ind2="7" tag="785"><subfield code="t">Boulder morning news</subfield><subfield code="w">(DLC)sn 90051877</subfield></datafield><datafield ind1="0" ind2="7" tag="785"><subfield code="t">Boulder news-herald</subfield><subfield code="w">(DLC)sn 89052202</subfield></datafield></record>